:20:STARTDISP
:21:RELREF
:25:70169411/0000098590
:28C:00000/00001
:34F:EUR0,
:13:1612071302
:61:161207C16,NTRFNONREF
:86:166?00GUTSCHRIFT?10931
?20SVWZ+IBAN: AT11111100022110
?219614 BIC: OBKLAT2L
?30OBKLAT2L
?31AT511508000221109614
?32ERLER GEORG
:61:161207C35,NTRFNONREF
:86:166?00GUTSCHRIFT?10931
?20SVWZ+SF1100000000000001
?30HYPTAT22
?31AT111100011011001111
?32Dr. John Doe
:90D:0EUR0,
:90C:2EUR51,